@article{riederer2022,
  title={Capturing the facets of evolvability in a mechanistic framework},
  author={Riederer, Jana M and Tiso, Stefano and van Eldijk, Timo JB and Weissing, Franz J},
  journal={Trends in Ecology \& Evolution},
  volume={37},
  number={5},
  pages={430--439},
  year={2022},
  publisher={Elsevier}
}